<?xml version="1.0" encoding="UTF-8"?>
<record xmlns="http://www.loc.gov/MARC21/slim">
   <leader>01798cam a2200361 a 4500</leader>
   <controlfield tag="001">861491</controlfield>
   <controlfield tag="003">NjP</controlfield>
   <controlfield tag="005">20190705142252.0</controlfield>
   <controlfield tag="008">940201s1865    ua            000 0 ara d</controlfield>
   <datafield tag="024" ind1="7" ind2=" ">
      <subfield code="a">princeton_aco004637</subfield>
      <subfield code="2">local</subfield>
   </datafield>
   <datafield ind1=" " ind2=" " tag="035">
      <subfield code="a">(CStRLIN)NJPG94-B5762</subfield>
   </datafield>
   <datafield ind1=" " ind2=" " tag="035">
      <subfield code="9">CAY1565TS</subfield>
   </datafield>
   <datafield ind1=" " ind2=" " tag="035">
      <subfield code="a">(NjP)861491</subfield>
   </datafield>
   <datafield ind1=" " ind2=" " tag="040">
      <subfield code="a">NjP</subfield>
      <subfield code="c">PUL</subfield>
      <subfield code="d">PUL</subfield>
   </datafield>
   <datafield ind1=" " ind2=" " tag="049">
      <subfield code="a">PULL</subfield>
   </datafield>
   <datafield ind1=" " ind2=" " tag="035">
      <subfield code="a">(OCoLC)ocm29781805</subfield>
   </datafield>
   <datafield ind1="1" ind2=" " tag="100">
      <subfield code="6">880-01</subfield>
      <subfield code="a">Fāsī, Muḥammad al-Mahdī ibn Aḥmad,</subfield>
      <subfield code="d">-1698.</subfield>
      <subfield code="0">http://id.loc.gov/authorities/names/n78093328</subfield>
   </datafield>
   <datafield ind1="1" ind2="0" tag="240">
      <subfield code="6">880-02</subfield>
      <subfield code="a">Maṭāliʻ al-masarrāt bi-jalāʼ Dalāʼil al-khayrāt</subfield>
   </datafield>
   <datafield ind1="1" ind2="0" tag="245">
      <subfield code="6">880-03</subfield>
      <subfield code="a">Hādhā kitāb Maṭāliʻ al-masarrāt bi-jalāʼ Dalāʼil al-khayrāt /</subfield>
      <subfield code="c">li-Muḥammad al-Mahdī ibn Aḥmad ibn ʻAlī ibn Yūsuf al-Fāsī.</subfield>
   </datafield>
   <datafield ind1=" " ind2=" " tag="260">
      <subfield code="a">[Cairo :</subfield>
      <subfield code="b">s.n.,</subfield>
      <subfield code="c">1282 [1865 or 1866]</subfield>
   </datafield>
   <datafield ind1=" " ind2=" " tag="300">
      <subfield code="a">414 p. ;</subfield>
      <subfield code="c">30 cm.</subfield>
   </datafield>
   <datafield ind1="1" ind2="0" tag="600">
      <subfield code="6">880-04</subfield>
      <subfield code="a">Jazūlī, Muḥammad ibn Sulaymān,</subfield>
      <subfield code="d">d. 1465.</subfield>
      <subfield code="t">Dalāʼil al-khayrāt.</subfield>
   </datafield>
   <datafield ind1="0" ind2=" " tag="740">
      <subfield code="6">880-05</subfield>
      <subfield code="a">Maṭāliʻ al-masarrāt bi-jalāʼ Dalāʼil al-khayrāt.</subfield>
   </datafield>
   <datafield ind1="1" ind2=" " tag="880">
      <subfield code="6">100-01/r</subfield>
      <subfield code="a">فاسي، محمد المهدي بن احمد،</subfield>
      <subfield code="d">-1698.</subfield>
   </datafield>
   <datafield ind1="1" ind2="0" tag="880">
      <subfield code="6">240-02/r</subfield>
      <subfield code="a">مطالع المسرات بجلاء دلائل الخيرات</subfield>
   </datafield>
   <datafield ind1="1" ind2="0" tag="880">
      <subfield code="6">245-03/r</subfield>
      <subfield code="a">هذا كتاب مطالع المسرات بجلاء دلائل الخيرات /</subfield>
      <subfield code="c">لمحمد المهدي بن احمد بن علي بن يوسف الفاسي.</subfield>
   </datafield>
   <datafield ind1="1" ind2="0" tag="880">
      <subfield code="6">600-04/r</subfield>
      <subfield code="a">جزولي، محمد بن سليمان،</subfield>
      <subfield code="d">d. 1465.</subfield>
      <subfield code="t">دلائل الخيرات.</subfield>
   </datafield>
   <datafield ind1="0" ind2=" " tag="880">
      <subfield code="6">740-05/r</subfield>
      <subfield code="a">مطالع المسرات بجلاء دلائل الخيرات.</subfield>
   </datafield>
   <datafield ind1="4" ind2=" " tag="856">
      <subfield code="u">http://hdl.handle.net/2027/njp.32101064471269</subfield>
   </datafield>
   <datafield ind1=" " ind2=" " tag="998">
      <subfield code="a">02/01/94</subfield>
      <subfield code="s">9114</subfield>
      <subfield code="n">NjP</subfield>
      <subfield code="d">02/01/94</subfield>
      <subfield code="c">JAB</subfield>
      <subfield code="b">JAB</subfield>
      <subfield code="i">940201</subfield>
      <subfield code="l">NJPG</subfield>
   </datafield>
   <datafield ind1=" " ind2=" " tag="911">
      <subfield code="a">19940210</subfield>
   </datafield>
   <datafield ind1=" " ind2=" " tag="912">
      <subfield code="a">19940201000000.0</subfield>
   </datafield>
   <datafield ind1=" " ind2=" " tag="994">
      <subfield code="a">C0</subfield>
      <subfield code="b">PUL</subfield>
   </datafield>
   <datafield ind1=" " ind2=" " tag="999">
      <subfield code="a">861491</subfield>
   </datafield>
   <datafield ind1=" " ind2=" " tag="979">
      <subfield code="a">(OCoLC)ocn176352231</subfield>
   </datafield>
   <datafield ind1="8" ind2="0" tag="852">
      <subfield code="0">982164</subfield>
      <subfield code="b">rcppa</subfield>
      <subfield code="t">1</subfield>
      <subfield code="c">Oversize</subfield>
      <subfield code="h">2271.5056.666 1865q</subfield>
      <subfield code="x">tr fr anxa</subfield>
   </datafield>
   <datafield ind1="8" ind2=" " tag="852">
      <subfield code="0">8684895</subfield>
      <subfield code="b">elf1</subfield>
      <subfield code="h">Electronic Resource</subfield>
   </datafield>
   <datafield ind1=" " ind2=" " tag="959">
      <subfield code="a">2000-06-08 00:00:00 -0500</subfield>
   </datafield>
</record>
